@BOOK{wong1997study,
  title={A study of effective regression testing in practice},
  author={Wong, W Eric and Horgan, Joseph R and London, Saul and Agrawal, Hiralal},
  booktitle={PROCEEDINGS The Eighth International Symposium On Software Reliability Engineering},
  pages={264--274},
  year={1997},
  organization={IEEE}
}

@BOOK{leung1989insights,
  title={Insights into regression testing (software testing)},
  author={Leung, Hareton KN and White, Lee},
  booktitle={Proceedings. Conference on Software Maintenance-1989},
  pages={60--69},
  year={1989},
  organization={IEEE}
}

@article{yoo2012regression,
  title={Regression testing minimization, selection and prioritization: a survey},
  author={Yoo, Shin and Harman, Mark},
  journal={Software testing, verification and reliability},
  volume={22},
  number={2},
  pages={67--120},
  year={2012},
  publisher={Wiley Online Library}
}

@inproceedings{leung1990study,
  title={A study of integration testing and software regression at the integration level},
  author={Leung, Hareton KN and White, Lee},
  booktitle={Proceedings. Conference on Software Maintenance 1990},
  pages={290--301},
  year={1990},
  organization={IEEE}
}
